%% This BibTeX bibliography file in UTF-8 format was created using Papers.
%% http://mekentosj.com/papers/

@article{Watson:2008p239,
author = {Mark A Watson and Kimihiko Hirao}, 
journal = {J. Chem. Phys.},
title = {A linear-scaling spectral-element method for computing electrostatic potentials},
abstract = {},
number = {18},
pages = {184107},
volume = {129},
year = {2008},
month = {Jan},
}

@article{Kalos,
author = {M. H. Kalos},
journal = {Phys. Rev.},
title = {Monte Carlo Calculations of the Ground State of Three- and Four-Body Nuclei},
abstract = {},
number = {4},
volume = {128},
year = {1962},
}

@article{Harrison,
author = {R. J. Harrison and G. I. Fann and T. Yanai and Z. Gan and G. Beylkin}, 
journal = {JCP},
title = {}, 
abstract = {},
number = {23},
volume = {121},
year = {2004},
}

Multiresolution quantum chemistry: Basic theory and initial application

@article{Yanai,
author = {T. Yanai and  G. I. Fann and G. Beylkin and R. J. Harrison}, 
journal = {PCCP},
title = {},
abstract = {},
number = {published online},
year = {2015},
}

Multiresolution quantum chemistry: excited states from time-dependent
Hartree-Fock and density functional theory via linear response

@article{Sekino,
author = {H. Sekino and Y. Maeda and T. Yanai and R. J. Harrison},
journal = {JCP},
title = {},
abstract = {},
volume = {129},
number = {3},
year = {2008},
}

Basis set limit Hartree-Fock and density functional theory response
property evaluation by multiresolution multiwavelet basis

@article{Jensen,
author = {S.R. Jensen \emph{et. al.}},
journal = {Int. J. Model. Simul. Sci. Comput.},
title = {},
abstract = {},
volume = {5},
pages = {1441003},
year = {2014},
}
Linear scaling Coulomb interaction in the multiwavelet basis, a
parallel implementation},

@article{Mahan,
author = {G.D. Mahan},
journal = {Phys. Rev. A},
title = {},
abstract = {},
volume = {22},
pages = {1780},
year = {1980},
}
Modified Sternheimer equation for polarizability

@article{KAIN,
author = {R. J. Harrison}, 
journal = {JCC},
title = {Krylov Subspace Accelerated Inexact Newton Method for Linear and Nonlinear Equations},
abstract = {},
number = {3},
volume = {25},
year = {2002},
}

@article{XCFun,
author = {U. Ekstr\"{o}m and L. Visscher and R. Bast and A. J. Thorvaldsen and K. Ruud}, 
journal = {JCTC},
title = {Arbitrary-Order Density Functional Response Theory from Automatic Differentiation},
abstract = {},
number = {7},
volume = {6},
year = {2010},
}

@article{LSDalton,
title = {LSDalton, a molecular electronic structure program, 2011}
}

@article{Dalton,
title = {Dalton, a molecular electronic structure program, 2011}
}

@article{NIST,
title = {National Institute of Standards and Technology,
	physics.nist.gov/PhysRefData/DFTdata/Tables/ptable.html}
}

@incollection{hilbert,
   author = {Griebel, Michael and Zumbusch, Gerhard and Knapek, Stephan},
   title = {Tree Algorithms for Long-Range Potentials},
   booktitle = {Numerical Simulation in Molecular Dynamics},
   publisher = {Springer Berlin Heidelberg},
   keyword = {Mathematics},
   year = {2007}
}

